
@inproceedings{Dyer-Nguyen-Rajan-Nguyen-13,
   author = {Robert Dyer and Hoan Anh Nguyen and Hridesh Rajan and Tien N.
Nguyen},
   title = {Boa: A Language and Infrastructure for Analyzing Ultra-Large-Scale
Software Repositories},
   booktitle = {Proceedings of the 35th International Conference on Software
Engineering},
   month = {May},
   year = {2013},
   series = {{ICSE}'13},
   pages = {422--431},
   location = {San Francisco, CA},
}

@inproceedings{Gousi13,
  author = {Gousios, Georgios},
  title = {The GHTorrent dataset and tool suite},
  booktitle = {Proceedings of the 10th Working Conference on Mining Software
    Repositories},
  series = {MSR '13},
  year = {2013},
  isbn = {978-1-4673-2936-1},
  location = {San Francisco, CA, USA},
  pages = {233--236},
  numpages = {4},
  url = {http://dl.acm.org/citation.cfm?id=2487085.2487132},
  acmid = {2487132},
  publisher = {IEEE Press},
  address = {Piscataway, NJ, USA},
}

@inproceedings{Dyer-Rajan-Nguyen-Nguyen-14,
  author = {Dyer, Robert and Rajan, Hridesh and Nguyen, Hoan Anh and Nguyen, Tien N.},
  title = {Mining Billions of {AST} Nodes to Study Actual and Potential Usage of {Java} Language Features}, 
  booktitle = {36th International Conference on Software Engineering},
  series = {ICSE'14},
  month = {June},
  year = {2014},
  pages = {779--790},
  location = {Hyderabad, India},
}

@misc{psandoz14,
  author = {Paul Sandoz},
  title = {{Safety Not Guaranteed: sun.misc.Unsafe and the quest for safe alternatives}},
  howpublished = "\url{http://cr.openjdk.java.net/~psandoz/dv14-uk-paul-sandoz-unsafe-the-situation.pdf}",
  year = {2014}, 
  note = {{Oracle Inc. [Online; accessed 29-January-2015]}},
}
